%%%%%%%%%%%%%%%%%%%%%%%%%%%%%%%%%%%%%%%%%%%%%%%%%%%%%%%%%%%%
% Articles
%%%%%%%%%%%%%%%%%%%%%%%%%%%%%%%%%%%%%%%%%%%%%%%%%%%%%%%%%%%%

@article {ROB:ROB20147,
author = {Thrun, Sebastian and Montemerlo, Mike and Dahlkamp, Hendrik and Stavens, David and Aron, Andrei and Diebel, James and Fong, Philip and Gale, John and Halpenny, Morgan and Hoffmann, Gabriel and Lau, Kenny and Oakley, Celia and Palatucci, Mark and Pratt, Vaughan and Stang, Pascal and Strohband, Sven and Dupont, Cedric and Jendrossek, Lars-Erik and Koelen, Christian and Markey, Charles and Rummel, Carlo and van Niekerk, Joe and Jensen, Eric and Alessandrini, Philippe and Bradski, Gary and Davies, Bob and Ettinger, Scott and Kaehler, Adrian and Nefian, Ara and Mahoney, Pamela},
title = {Stanley: The robot that won the DARPA Grand Challenge},
journal = {Journal of Field Robotics},
volume = {23},
number = {9},
publisher = {Wiley Subscription Services, Inc., A Wiley Company},
issn = {1556-4967},
url = {http://dx.doi.org/10.1002/rob.20147},
doi = {10.1002/rob.20147},
pages = {661--692},
year = {2006},
}

@inproceedings{broggi2006single,
  title={The single frame stereo vision system for reliable obstacle detection used during the 2005 DARPA grand challenge on TerraMax},
  author={Broggi, Alberto and Caraffi, Claudio and Porta, Pier Paolo and Zani, Paolo},
  booktitle={Intelligent Transportation Systems Conference, 2006. ITSC'06. IEEE},
  pages={745--752},
  year={2006},
  organization={IEEE}
}

@article{pasaoglu2012driving,
  title={Driving and parking patterns of European car drivers-a mobility survey},
  author={Pasaoglu, G and Fiorello, D and Martino, A and Scarcella, G and Alemanno, A and Zubaryeva, A and Thiel, C},
  year={2012}
}


@article{khan2010review,
  title={A review of machine learning algorithms for text-documents classification},
  author={Khan, Aurangzeb and Baharudin, Baharum and Lee, Lam Hong and Khan, Khairullah},
  journal={Journal of advances in information technology},
  volume={1},
  number={1},
  pages={4--20},
  year={2010},
  publisher={Academy Publisher, PO Box 40 Oulu 90571 Finland}
}


@article{ebden2015gp,
   author = {{Ebden}, M.},
    title = "{Gaussian Processes: A Quick Introduction}",
  journal = {ArXiv e-prints},
archivePrefix = "arXiv",
   eprint = {1505.02965},
 primaryClass = "math.ST",
 keywords = {Mathematics - Statistics Theory},
     year = 2015,
    month = may,
   adsurl = {http://adsabs.harvard.edu/abs/2015arXiv150502965E},
  adsnote = {Provided by the SAO/NASA Astrophysics Data System}
}

@book{rasmussen2006gaussian,
  title={Gaussian Processes for Machine Learning},
  author={Rasmussen, C.E. and Williams, C.K.I.},
  isbn={9780262182539},
  lccn={2005053433},
  series={Adaptative computation and machine learning series},
  year={2006},
  publisher={University Press Group Limited}
}

@book{sivia2006data,
  title={Data Analysis: A Bayesian Tutorial},
  author={Sivia, D. and Skilling, J.},
  isbn={9780198568315},
  lccn={2006284782},
  series={Oxford science publications},
  year={2006},
  publisher={OUP Oxford}
}

%%%%%%%%%%%%%%%%%%%%%%%%%%%%%%%%%%%%%%%%%%%%%%%%%%%%%%%%%%%%
% Webpages
%%%%%%%%%%%%%%%%%%%%%%%%%%%%%%%%%%%%%%%%%%%%%%%%%%%%%%%%%%%%

http://www.mckinsey.com/industries/automotive-and-assembly/our-insights/capturing-the-advanced-driver-assistance-systems-opportunity

@misc{Mckinsey,
  title = {McKinsey: Capturing the advanced driver-assistance systems opportunity},
  url = {http://www.mckinsey.com/industries/automotive-and-assembly/our-insights/capturing-the-advanced-driver-assistance-systems-opportunity},
  note = {Accessed: March 2017}
}

@misc{Waymo,
  title = {{Google} Waymo},
  url = {https://waymo.com/press/},
  note = {Accessed: March 2017}
}

@misc{Tesla,
  title = {Tesla Self-Driving Demonstration},
  url = {https://www.tesla.com/en\_GB/videos/{\newline}autopilot-self-driving-hardware-neighborhood-short},
  note = {Accessed: March 2017}
}